@Book{xie2015,
  title = {Dynamic Documents with {R} and knitr},
  author = {Yihui Xie},
  publisher = {Chapman and Hall/CRC},
  address = {Boca Raton, Florida},
  year = {2015},
  edition = {2nd},
  note = {ISBN 978-1498716963},
  url = {http://yihui.name/knitr/},
}

%%% books

@book{bethlehem2011handbook,
  title={Handbook of web surveys},
  author={Bethlehem, Jelke and Biffignandi, Silvia},
  volume={567},
  year={2011},
  publisher={John Wiley \& Sons}
}

@book{callegaro2014online,
  title={Online panel research: A data quality perspective},
  author={Callegaro, Mario and Baker, Reginald P and Bethlehem, Jelke and G{\"o}ritz, Anja S and Krosnick, Jon A and Lavrakas, Paul J},
  year={2014},
  publisher={John Wiley \& Sons}
}

@book{callegaro2015web,
  title={Web survey methodology},
  author={Callegaro, Mario and Manfreda, Katja Lozar and Vehovar, Vasja},
  year={2015},
  publisher={Sage}
}

@book{kreuter2013improving,
  title={Improving surveys with paradata: Analytic uses of process information},
  editor = {Kreuter, Frauke},
  volume={581},
  year={2013},
  publisher={John Wiley \& Sons}
}

%%% APPOR

@techreport{Baker2013,
author = {Baker, Reg and Brick, J Michael and Bates, Nancy A and Battaglia, Michael P and Couper, Mick P and Dever, Jill A and Gile, Krista J and Tourangeau, Roger},
file = {:Applications/Mendeley//Baker et al. - 2013 - Report of the AAPOR task force on non-probability sampling.pdf:pdf},
institution = {APPOR},
keywords = {IDS,model-based estimation,non-probability sampling},
mendeley-groups = {Papers,Doktorat},
mendeley-tags = {IDS,model-based estimation,non-probability sampling},
title = {{Report of the AAPOR task force on non-probability sampling}},
year = {2013}
}

@article{baker2010research,
  title={Research synthesis AAPOR report on online panels},
  author={Baker, Reg and Blumberg, Stephen J and Brick, J Michael and Couper, Mick P and Courtright, Melanie and Dennis, J Michael and Dillman, Don and Frankel, Martin R and Garland, Philip and Groves, Robert M and others},
  journal={Public Opinion Quarterly},
  volume={74},
  number={4},
  pages={711--781},
  year={2010},
  url = {http://isites.harvard.edu/fs/docs/icb.topic1331066.files/Baker%20et%20al%20Online%20Sampling.pdf},
  publisher={AAPOR}
}

@article{japec2015big,
  title={Big Data in Survey Research AAPOR Task Force Report},
  author={Japec, Lilli and Kreuter, Frauke and Berg, Marcus and Biemer, Paul and Decker, Paul and Lampe, Cliff and Lane, Julia and Oâ€™Neil, Cathy and Usher, Abe},
  journal={Public Opinion Quarterly},
  volume={79},
  number={4},
  pages={839--880},
  year={2015},
  publisher={AAPOR}
}



%%% papers

@article{Callegaro2009,
author = {Callegaro, M. and DiSogra, C.},
doi = {10.1093/poq/nfn065},
issn = {0033-362X},
journal = {Public Opinion Quarterly},
number = {5},
pages = {1008--1032},
title = {{Computing Response Metrics for Online Panels}},
url = {http://poq.oxfordjournals.org/cgi/doi/10.1093/poq/nfn065},
volume = {72},
year = {2009}
}


